% Encoding: UTF-8

@book{Schiehlen.2017,
  title     = {Technische Dynamik},
  publisher = {Springer Vieweg},
  year      = {2017},
  author    = {Schiehlen, Werner},
  editor    = {Eberhard, Peter},
  series    = {SpringerLink : B{\"u}cher},
  address   = {Wiesbaden},
  edition   = {5. Aufl. 2017},
  isbn      = {978-3-658-18457-5},
  language  = {Deutsch},
  pages     = {Online-Ressource (IX, 213 Seiten 73 Abb., 3 Abb. in Farbe, online resource)},
  type      = {Text (nur f"ur elektronische Ressourcen)},
  url       = {http://dx.doi.org/10.1007/978-3-658-18457-5},
}


@book{Naunheimer.2007,
 author = {Naunheimer, Harald and Bertsche, Bernd and Lechner, Gisbert and Ryborz, Joachim},
 year = {2007},
 title = {Fahrzeuggetriebe: Grundlagen, Auswahl, Auslegung und Konstruktion},
 url = {http://site.ebrary.com/lib/alltitles/docDetail.action?docID=10189346},
 address = {Berlin, Heidelberg},
 edition = {2., bearb. und erw. Aufl.},
 publisher = {Springer-Verlag},
 isbn = {978-3-540-30625-2},
 doi = {10.1007/978-3-540-30670-2}
}

@book {Schroeder.2015,
author = {Schr{\"o}der, Dierk},
title = {Elektrische Antriebe - Regelung von Antriebssystemen},
series = {SpringerLink : B{\"u}cher},
address = {Berlin, Heidelberg},
publisher = {Springer Vieweg},
year = {2015},
pages = {Online-Ressource (XXXII, 1879  Seiten  200 Abb. in Farbe, online resource)},
edition = {4. Aufl. 2015},
ISBN = {978-3-642-30096-7},
ISBN = {978-3-642-30095-0 (Druck-Ausgabe)},
language = {Deutsch},
keywords = {Power electronics. Engineering},
type = {Text (nur fuer elektronische Ressourcen)},
URL = {http://dx.doi.org/10.1007/978-3-642-30096-7},
URL = {http://swbplus.bsz-bw.de/bsz455170223cov.htm},
URL = {http://dx.doi.org/10.1007/978-3-642-30096-7},
}

@book {Stribeck.1903,
author = {Stribeck, R. and Schr{\"u}ter, M. and Austin, L.},
title = {Die wesentlichen Eigenschaften der Gleit- und Rollenlager},
series = {Mitteilungen {\"u}ber Forschungsarbeiten auf dem Gebiete des Ingenieurwesens, insbesondere aus den Laboratorien der technischen Hochschulen ; 7},
address = {Berlin},
publisher = {Springer},
year = {1903},
pages = {86  Seiten , 1 gef.  Blatt},
language = {Deutsch},
note = {UB Stadtmitte},
}

@Article{Altpeter.1999,
  author    = {Altpeter, Friedhelm},
  title     = {Friction modeling, identification and compensation},
  year      = {1999},
  pages     = {166},
  address   = {Lausanne},
  publisher = {EPFL},
}

@article{Dupont.2002,
author={P. Dupont and V. Hayward and B. Armstrong and F. Altpeter},
journal={IEEE Transactions on Automatic Control},
title={Single state elastoplastic friction models},
year={2002},
volume={47},
number={5},
pages={787-792},
keywords={elastoplasticity;sliding friction;controllers;control system synthesis;single state elastoplastic friction models;small displacements;presliding displacement;compensators;Friction;Hysteresis;Plastics;Predictive models;Stability analysis;Sliding mode control;Displacement control;Velocity control;Mechanical systems;Servomechanisms},
doi={10.1109/TAC.2002.1000274},
ISSN={0018-9286},}

@InProceedings{Dupont.2000,
  author    = {P. Dupont and B. Armstrong and V. Hayward},
  title     = {Elasto-plastic friction model: contact compliance and stiction},
  booktitle = {Proceedings of the 2000 American Control Conference. ACC (IEEE Cat. No.00CH36334)},
  year      = {2000},
  volume    = {2},
  pages     = {1072-1077 vol.2},
  month     = {June},
  doi       = {10.1109/ACC.2000.876665},
  issn      = {0743-1619},
  keywords  = {friction;stiction;mechanical contact;elastic constants;elastoplasticity;elasto-plastic friction model;contact compliance;stiction;single-state-variable friction models;presliding displacement;Prandlt's elasto-plastic material model;Friction;Deformable models;Contacts;Mechanical engineering;Computer science;Displacement control;Steady-state;Capacitive sensors;Damping},
}

@book {Saltelli.2007,
author = {Saltelli, Andrea},
title = {Sensitivity analysis in practice: a guide to assessing scientific models},
address = {Chichester},
publisher = {Wiley},
year = {2007},
pages = {XI, 219  Seiten},
edition = {Repr.},
ISBN = {0-470-87093-1},
ISBN = {978-0-470-87093-8},
language = {Englisch},
note = {Institut für Wasser- und Umweltsystemmodellierung (IWS), Lehrstuhl für Hydrologie und Geohydrologie},
}

@Article{Karnavas.1993,
  author   = {W. J. Karnavas and P. J. Sanchez and A. T. Bahill},
  title    = {Sensitivity analyses of continuous and discrete systems in the time and frequency domains},
  journal  = {IEEE Transactions on Systems, Man, and Cybernetics},
  year     = {1993},
  volume   = {23},
  number   = {2},
  month    = {March},
  issn     = {0018-9472},
  doi      = {10.1109/21.229461},
  keywords = {discrete systems;frequency-domain analysis;sensitivity analysis;time-domain analysis;time domains;continuous systems;discrete systems;frequency domains;sensitivity analysis;Frequency domain analysis;Sensitivity analysis;Expert systems;System analysis and design;Resource management;Physics;Physiology;Biomedical engineering;Control system synthesis;Queueing analysis},
}

@article{Hearne.1985,
title = "Sensitivity analysis of parameter combinations",
journal = "Applied Mathematical Modelling",
volume = "9",
number = "2",
pages = "106 - 108",
year = "1985",
issn = "0307-904X",
doi = "https://doi.org/10.1016/0307-904X(85)90121-0",
url = "http://www.sciencedirect.com/science/article/pii/0307904X85901210",
author = "J.W. Hearne",
keywords = "mathematical models, system dynamics, sensitivity analysis, parameter combinations"
}

@MastersThesis{Majer.1998,
  author    = {Majer, Clemens Philipp},
  title     = {{Parameterschätzung, Versuchsplanung und Trajektorienoptimierung für verfahrenstechnische Prozesse}},
  year      = {1998},
  type      = {Hochschulschrift},
  address   = {Düsseldorf},
  note      = {UB Stadtmitte},
  edition   = {Als Ms. gedr.},
  isbn      = {3-18-353803-2},
  language  = {Deutsch},
  pages     = {X, 152 Seiten},
  publisher = {VDI-Verl.},
  series    = {Fortschrittberichte VDI : Reihe 3, Verfahrenstechnik ; 538},
}

@Book{Goodwin.1977,
  title     = {Dynamic system identification: experiment design and data analysis},
  publisher = {Acad. Pr.},
  year      = {1977},
  author    = {Goodwin, Graham C. and Payne, Robert L.},
  series    = {Mathematics in science and engineering ; 136},
  address   = {New York [u.a.]},
  isbn      = {0-12-289750-1},
  note      = {UB Stadtmitte},
  keywords  = {Versuchsanlage. Systemanalyse},
  language  = {Englisch},
}

@Book{Fischer.2016,
  title     = {Das Getriebebuch},
  publisher = {Springer Vieweg},
  year      = {2016},
  author    = {Fischer, Robert},
  editor    = {K{\"u}{\c c}{\"u}kay, Ferit and J{\"u}rgens, Gunter and Pollak, Burkhard},
  series    = {Der Fahrzeugantrieb : SpringerLink : B{\"u}cher},
  address   = {Wiesbaden},
  edition   = {2. Aufl. 2016},
  isbn      = {978-3-658-13104-3},
  keywords  = {Automotive engineering. Engines. Machinery. Engineering},
  language  = {Deutsch},
  pages     = {Online-Ressource (XIX, 387 Seiten 286 Abb., 2 Abb. in Farbe, online resource)},
  type      = {Text (nur f{\"u}r elektronische Ressourcen)},
  url       = {http://dx.doi.org/10.1007/978-3-658-13104-3},
}

@book {Bohn.2016,
author = {Bohn, Christian},
title = {Identifikation dynamischer Systeme: Methoden zur experimentellen Modellbildung aus Messdaten},
editor = {Unbehauen, Heinz},
series = {SpringerLink : Bücher},
address = {Wiesbaden},
publisher = {Springer Vieweg},
year = {2016},
pages = {Online-Ressource (XX, 698 Seiten  149 Abb, online resource)},
ISBN = {978-3-8348-2197-3},
ISBN = {978-3-8348-1755-6 (Druck-Ausgabe)},
language = {Deutsch},
type = {Text (nur für elektronische Ressourcen)},
URL = {http://dx.doi.org/10.1007/978-3-8348-2197-3},
URL = {http://dx.doi.org/10.1007/978-3-8348-2197-3},
}

@book {Adamy.2018,
author = {Adamy, Jürgen},
title = {Nichtlineare Systeme und Regelungen},
series = {SpringerLink : Bücher},
address = {Berlin, Heidelberg},
publisher = {Springer Vieweg},
year = {2018},
pages = {Online-Ressource (XVIII, 638  Seiten  351 Abb., 55 Abb. in Farbe, online resource)},
edition = {3., bearb. u. erw. Aufl. 2018},
ISBN = {978-3-662-55685-6},
language = {Deutsch},
keywords = {System theory. Computational intelligence. Control engineering. Engineering},
type = {Text (nur für elektronische Ressourcen)},
URL = {http://dx.doi.org/10.1007/978-3-662-55685-6},
URL = {http://dx.doi.org/10.1007/978-3-662-55685-6},
}